@ARTICLE{toomre1964,
   author = {{Toomre}, A.},
    title = "{On the gravitational stability of a disk of stars}",
  journal = {\apj},
     year = 1964,
    month = may,
   volume = 139,
    pages = {1217-1238},
      doi = {10.1086/147861},
   adsurl = {http://adsabs.harvard.edu/abs/1964ApJ...139.1217T},
  adsnote = {Provided by the SAO/NASA Astrophysics Data System}
}

@ARTICLE{armitage2011,
   AUTHOR  = {Philip J. Armitage},
   TITLE   = {Dynamics of Protoplanetary Disks},
   YEAR    = {2011},
   JOURNAL = {Annual Review of Astronomy and Astrophysics}
   VOLUME  = {49},
   PAGES   = {41}
}

@Book{taylor2005,
 author = {Taylor, John},
 title = {Classical mechanics},
 publisher = {University Science Books},
 year = {2005},
 address = {Sausalito, Calif},
 isbn = {1-891389-22-x}
 }

@Book{king2002,
 author = {King, A. R.},
 title = {Accretion power in astrophysics},
 publisher = {Cambridge Univ Press},
 year = {2002},
 address = {Cambridge},
 isbn = {978-0-511-07597-1}
 }

@unpublished{whittle2010,
  Author = {Mark Whittle},
  title = {Stellar Dynamics I: Disks}
  Institution = {Department of astronomy, University of Virginia},
  Year = {2010}
  month = {Aug.}
}

@article{whitworth2007,
  author = {Dimitris Stamatellos and Anthony P. Whitworth},
  title = {Can giant planets form by gravitational fragmentation of discs?},
  journal = {Astronomy and Astrophysics},
  volume = {480},
  issue = {3},
  year = {2008},
  page = {879-887}
}