@Book{taylor2005,
 author = {Taylor, John},
 title = {Classical mechanics},
 publisher = {University Science Books},
 year = {2005},
 address = {Sausalito, Calif},
 isbn = {1-891389-22-x}
 }